@online {nec,
	author = {{Vishay Semiconductors}},
	title = {Data Formats for IR Remote Control},
	year = 2013,
	month = aug,
	day = 13,
	url = {https://www.vishay.com/docs/80071/dataform.pdf}
}